@article{Hinze-Paterson:FingerTree,
	title = "Finger Trees: A Simple General-purpose Data Structure",
	author = "Ralf Hinze and Ross Paterson",
	journal = "Journal of Functional Programming",
	volume = 16,
	number = 2,
	pages = "197-217",
	year = 2006
}

@misc{ wiki:SegmentTree,
   author = "{Wikipedia contributors}",
   title = "Segment tree --- {W}ikipedia{,} The Free Encyclopedia",
   year = "2020",
   url = "https://en.wikipedia.org/wiki/Segment_tree",
   note = "[Online; accessed 10-Feb-2020]"
}

@book{CP3,
  title={Competitive Programming 3: The New Lower Bound of Programming Contests},
  author={Halim, S. and Halim, F.},
  isbn={9788392212355},
  year={2013},
  url={https://cpbook.net/},
  publisher={Self-published}
}
